<record><leader>00000cas a22000007a 4500</leader><controlfield tag="001">31306647</controlfield><controlfield tag="008">941018d1934193ucauwr ne      0    0eng d</controlfield><datafield ind1=" " ind2=" " tag="010"><subfield code="a">sn 94052932 </subfield></datafield><datafield ind1=" " ind2=" " tag="040"><subfield code="a">CNK</subfield><subfield code="b">eng</subfield><subfield code="c">CNK</subfield><subfield code="d">OCLCQ</subfield></datafield><datafield ind1=" " ind2=" " tag="042"><subfield code="a">msc</subfield></datafield><datafield ind1=" " ind2=" " tag="043"><subfield code="a">n-us-ca</subfield></datafield><datafield ind1="0" ind2="4" tag="245"><subfield code="a">The Piedmont Ave. news.</subfield></datafield><datafield ind1="3" ind2="0" tag="246"><subfield code="a">Piedmont Avenue news</subfield></datafield><datafield ind1=" " ind2=" " tag="260"><subfield code="a">Piedmont, Calif. :</subfield><subfield code="b">Piedmont Avenue News Co.</subfield></datafield><datafield ind1=" " ind2=" " tag="300"><subfield code="a">v.</subfield></datafield><datafield ind1=" " ind2=" " tag="310"><subfield code="a">Weekly</subfield></datafield><datafield ind1="0" ind2=" " tag="362"><subfield code="a">Vol. 2, no. 49 (Dec. 20, 1934)-</subfield></datafield><datafield ind1=" " ind2=" " tag="550"><subfield code="a">Official publication of the Piedmont Avenue Merchants Association.</subfield></datafield><datafield ind1=" " ind2="0" tag="651"><subfield code="a">Piedmont (Oakland, Calif.)</subfield><subfield code="v">Newspapers.</subfield></datafield><datafield ind1="2" ind2=" " tag="710"><subfield code="a">Piedmont Avenue Merchants Association.</subfield></datafield><datafield ind1=" " ind2=" " tag="752"><subfield code="a">United States</subfield><subfield code="b">California</subfield><subfield code="c">Alameda</subfield><subfield code="d">Piedmont.</subfield></datafield><datafield ind1="0" ind2="0" tag="780"><subfield code="t">Piedmont Avenue news and citizen review-journal</subfield><subfield code="w">(DLC)sn 94052931</subfield></datafield><datafield ind1="1" ind2=" " tag="029"><subfield code="a">AU@</subfield><subfield code="b">000011305534</subfield></datafield></record>